@incollection{sageman,
year={2005},
isbn={978-3-540-25999-2},
booktitle={Intelligence and Security Informatics},
volume={3495},
series={Lecture Notes in Computer Science},
editor={Kantor, Paul and Muresan, Gheorghe and Roberts, Fred and Zeng, DanielD. and Wang, Fei-Yue and Chen, Hsinchun and Merkle, RalphC.},
title={Analyzing Terrorist Networks: A Case Study of the Global Salafi Jihad Network},
publisher={Springer Berlin Heidelberg},
author={Qin, Jialun and Xu, JenniferJ. and Hu, Daning and Sageman, Marc and Chen, Hsinchun},
pages={287--304}
}
